@article{nakamoto,
  title={Bitcoin: A peer-to-peer electronic cash system},
  author={Nakamoto, Satoshi},
  journal={Consulted},
  volume={1},
  number={2012},
  pages={28},
  year={2008}
}

@book{master,
  title={Mastering Bitcoin},
  author={Antonopoulos, Andreas},
  year={2014},
  publisher={Booktastic Distributor}
}

@article{throw,
  title={Missing: hard drive containing Bitcoins worth £4m in Newport landfill site},
  url={http://www.theguardian.com/technology/2013/nov/27/hard-drive-bitcoin-landfill-site},
  journal={Guardian},
  author={Alex Hern},
  year={2013}
}

@article{illegal,
  title={Are Bitcoins the Criminal's Best Friend?},
  author={Stephen Mihm},
  journal={Bloomberg},
  url={http://www.bloombergview.com/articles/2013-11-18/are-bitcoins-the-criminal-s-best-friend-},
  year={2013}
}

@article{deepbit,
  title={Deepbit:Bitcoin mining Pool},
  url={https://deepbit.net/},
  year={2014}
}

@article{life,
  title={The Rise and Fall of Bitcoin},
  author={Benjamin Wallace},
  url={http://www.wired.com/2011/11/mf_bitcoin/all/}
  year={2014}
}

@article{mtgox,
  title={Mt.Gox},
  url={https://www.mtgox.com/},
  year={2014}
}

@article{qt,
  title={Bitcoin-Qt},
  url={https://en.bitcoin.it/wiki/Bitcoin-Qt},
  year={2014}
}

@article{seize,
  title={Feds Seize Assets From Mt. Gox’s Dwolla Account, Accuse It Of Violating Money Transfer Regulations},
  author={Romain Dillet},
  url={http://techcrunch.com/2013/05/16/mt-gox-dwolla-account-money-seizure/},
  year={2013}
}

@article{silk,
  title={FBI Snags Silk Road Boss With Own Methods},
  author={Greg Farrell},
  url={http://www.bloomberg.com/news/2013-10-03/fbi-snags-silk-road-boss-with-own-methods.html},
  year={2013}
}

@incollection{anony,
  title={Evaluating user privacy in bitcoin},
  author={Androulaki, Elli and Karame, Ghassan O and Roeschlin, Marc and Scherer, Tobias and Capkun, Srdjan},
  booktitle={Financial Cryptography and Data Security},
  pages={34--51},
  year={2013},
  publisher={Springer}
}

@book{volun,
  title={An analysis of anonymity in the bitcoin system},
  author={Reid, Fergal and Harrigan, Martin},
  year={2013},
  publisher={Springer}
}

@article{value,
  title={Why Is Bitcoin's Value So Volatile?},
  author={Jonathan Todd Barker},
  url={http://www.investopedia.com/articles/investing/052014/why-bitcoins-value-so-volatile.asp},
  year={2014}
}

@article{farm,
  title={Farmville},
  url={http://en.wikipedia.org/wiki/FarmVille}
}

@article{linden,
  title={The Second Life Economy in Q4 2010},
  author={Nelson Linden},
  url={http://community.secondlife.com/t5/Featured-News/The-Second-Life-Economy-in-Q4-2010/ba-p/674618},
  year={2010}
}

@inproceedings{zero,
  title={Zerocoin: Anonymous distributed e-cash from bitcoin},
  author={Miers, Ian and Garman, Christina and Green, Matthew and Rubin, Aviel D},
  booktitle={Security and Privacy (SP), 2013 IEEE Symposium on},
  pages={397--411},
  year={2013},
  organization={IEEE}
}

@article{bitaddress,
  title={Is bitaddress.org safe?},
  url={http://www.reddit.com/r/Bitcoin/comments/295vbt/is_bitaddressorg_safe/}
}

@article{zip,
  title={ZipZap},
  url={https://zipzapinc.com/}
}

@article{mix,
  title={Mixing Service},
  url={https://en.bitcoin.it/wiki/Mixing_service}
}

@article{badidea,
  title={Bitcoin over Tor isn't a good idea},
  author={Biryukov, Alex and Pustogarov, Ivan},
  journal={arXiv preprint arXiv:1410.6079},
  year={2014}
}

@article{paranoid,
  title={A Step-by-Step Guide to Creating an Anonymous Wallet for Covert Practices},
  url={http://www.reddit.com/r/Bitcoin/comments/1c8yb3/a_stepbystep_guide_to_creating_an_anonymous/}
}

@article{eli,
  title={Eligius},
  url={http://eligius.st/~gateway/}
}